@book{kirby,
  title={The topology of 4-manifolds},
  author={Kirby, Robion C},
  volume={1374},
  year={2006},
  publisher={Springer},
}

@article{guth2009minimax,
  title={Minimax problems related to cup powers and Steenrod squares},
  author={Guth, Larry},
  journal={Geometric And Functional Analysis},
  volume={18},
  number={6},
  pages={1917--1987},
  year={2009},
  publisher={Springer},
}

@article{guth2007width,
  title={The width-volume inequality},
  author={Guth, Larry},
  journal={Geometric and Functional Analysis},
  volume={17},
  number={4},
  pages={1139--1179},
  year={2007},
  publisher={Springer},
}

@inproceedings{nikolaev2018mapping,
  title={Mapping class groups are linear},
  author={Nikolaev, Igor V},
  booktitle={Topological Algebras and their Applications: Proceedings of the 8th International Conference on Topological Algebras and their Applications, 2014},
  pages={193},
  year={2018},
  organization={Walter de Gruyter GmbH \& Co KG},
}


@article{nikolaev2001toric,
  title={Toric AF-algebras and faithful representation of the mapping class groups},
  author={Nikolaev, Igor},
  journal={arXiv preprint math/0111173},
  year={2001},
}






@book{einstein2019relativity,
  title={Relativity: The Special and the General Theory-100th Anniversary Edition},
  author={Einstein, Albert},
  year={2019},
  publisher={Princeton University Press},
}

@article{einstein1905electrodynamics,
  title={On the electrodynamics of moving bodies},
  author={Einstein, Albert and others},
  journal={Annalen der physik},
  volume={17},
  number={10},
  pages={891--921},
  year={1905},
  publisher={Methuen and Company, Ltd London},
}

@incollection{kennefick,
  title={Traveling at the Speed of Thought},
  author={Kennefick, Daniel},
  booktitle={Traveling at the Speed of Thought},
  year={2016},
  publisher={Princeton University Press},
}

@book{dugas,
  title={A history of mechanics},
  author={Dugas, Ren{\'e}},
%  year={2012},
%  publisher={Courier Corporation},
}


@book{crothers,
author = {S.J. Crothers},
title = {Special Relativity and the Lorentz Sphere},
journal = {},
year = {2019},
volume = {},
number = {},
pages = {},
url = {https://vixra.org/abs/1911.0013},
  urldate = {2020-12-04},
}


@article{bryant,
  title={The Failure of the Einstein-Lorentz Spherical Wave Proof},
  author={Bryant, Steven},
  journal={Proceedings of the NPA},
  volume={8},
  pages={64},
}

@incollection{aw,
  title={Weber’s electrodynamics},
  author={Assis, Andre Koch Torres},
  booktitle={Weber’s Electrodynamics},
  pages={},
  year={1994},
  url={},
  publisher={Springer},
}


@article{assis1,
author = {Assis, A. K. T.},
title = {Deriving gravitation from electromagnetism},
journal = {Canadian Journal of Physics},
volume = {70},
number = {5},
pages = {330-340},
year = {1992},
doi = {10.1139/p92-054},

URL = { 
        https://doi.org/10.1139/p92-054
    
},
eprint = { 
        https://doi.org/10.1139/p92-054
    },
%    abstract = { We present a generalized Weber force law for electromagnetism including terms of fourth and higher orders in v/c. We show that these extra terms yield an attractive force between two neutral dipoles in which the negative charges oscillate around the positions of equilibrium. This attractive force can be interpreted as the usual Newtonian gravitational force as it is of the correct order of magnitude, is along the line joining the dipoles, follows Newton's action and reaction law, and falls off as the inverse square of the distance. }
}

@book{assis1999relational,
  title={Relational mechanics},
  author={Assis, Andre Koch Torres},
  year={1999},
  publisher={Apeiron Montreal},
}

@book{levi,
  title={The absolute differential calculus (calculus of tensors)},
  author={Levi-Civita, Tullio},
 
  %publisher={Courier Corporation},
}

@book{penrose1984spinors,
  title={Spinors and space-time: Volume 1, Two-spinor calculus and relativistic fields},
  author={Penrose, Roger and Rindler, Wolfgang},
  volume={1},
  year={1984},
  publisher={Cambridge University Press},
}






@article{awk,
  title={On the first electromagnetic measurement of the velocity of light by Wilhelm Weber and Rudolf Kohlrausch},
  author={Assis, Andre KT},
  journal={Volta and the History of Electricity},
  pages={267--286},
  year={2003},
  publisher={Universit{\`a} degli Studi di Pavia e Editore Ulrico Hoepli Milano},
}

@inproceedings{assis1999meaning,
  title={The meaning of the constant c in Weber's electrodynamics},
  author={Assis, Andre Koch Torres},
  booktitle={INTERNATIONAL CONFERENCE “GALILEO BACK IN ITALY},
  volume={2},
  pages={23},
  year={1999},
}

@book{rindler,
  title={Introduction to Special Relativity},
  author={Rindler, Wolfgang},
  year={1989},
  publisher={Oxford Science Publications},
}

@book{michelson,
  title={Studies in Optics},
  author={Michelson, Albert Abraham},
  year={1995},
  publisher={Dover Publishing},
}

@book{sansburyspeed,
  title={The Speed of Light: Cumulative Instantaneous Forces at a Distance},
  author={Sansbury, Ralph},
  year={2012},
}

@article{sansburylight,
  title={Light Speed Measurements from Roemer and Bradley to the GPS System},
  author={Sansbury, Ralph},
url ={http://www.naturalphilosophy.org/pdf/abstracts/abstracts_5955.pdf},
}


@article{elton2010indefinite,
  title={Indefinite quadratic forms and the invariance of the interval in Special Relativity},
  author={Elton, John H},
  journal={The American Mathematical Monthly},
  volume={117},
  number={6},
  pages={540--547},
  year={2010},
  publisher={Taylor \& Francis},
}

@book{eisenbud2013commutative,
  title={Commutative Algebra: with a view toward algebraic geometry},
  author={Eisenbud, David},
  volume={150},
  year={2013},
  publisher={Springer-Verlag},
}

@article{mccann2018optimal,
  title={Optimal transportation between unequal dimensions},
  author={McCann, Robert J and Pass, Brendan},
  journal={arXiv preprint arXiv:1805.11187},
  year={2018},
}

@article{chiappori2016multidimensional,
      title={Multidimensional matching}, 
      author={Pierre-André Chiappori and Robert McCann and Brendan Pass},
      year={2016},
      eprint={1604.05771},

}

@article{chiappori2017multi,
  title={Multi-to One-Dimensional Optimal Transport},
  author={Chiappori, Pierre-Andr{\'e} and McCann, Robert J and Pass, Brendan},
  journal={Communications on Pure and Applied Mathematics},
  volume={70},
  number={12},
  pages={2405--2444},
  year={2017},
  publisher={Wiley Online Library},
}

@book{vid,
author = {Veritasium},
title = {"Why the speed of light can't be measured"},
URL = {https://youtu.be/pTn6Ewhb27k},
urldate = {2020-12-17},
}

@article{israel,
  title={On the experimental determination of the one-way speed of light},
  author={P{\'e}rez, Israel},
  journal={European journal of physics},
  volume={32},
  number={4},
  pages={993},
  year={2011},
  publisher={IOP Publishing},
}

@article{arminjon2018lorentz,
  title={Lorentz-invariant second-order tensors and an irreducible set of matrices},
  author={Arminjon, Mayeul and others},
  journal={Journal of geometry and symmetry in physics},
  volume={50},
  pages={1--10},
  year={2018},
  publisher={Institute of Biophysics and Biomedical Engineering, Bulgarian Academy of Sciences},
}

@book{zhang1997special,
  title={Special Relativity and Its Experimental Foundation},
  author={Zhang, Yuan-Zhong},
  volume={4},
  year={1997},
  publisher={World Scientific},
}





